<?xml version="1.0" encoding="UTF-8"?><record xmlns="http://www.loc.gov/MARC21/slim" xmlns:cinclude="http://apache.org/cocoon/include/1.0" xmlns:zs="http://www.loc.gov/zing/srw/">
  <leader>01182cz  a2200241n  4500</leader>
  <controlfield tag="001">no2006086013</controlfield>
  <controlfield tag="003">DLC</controlfield>
  <controlfield tag="005">20130323093636.0</controlfield>
  <controlfield tag="008">060414n| azannaabn          |a aaa     c</controlfield>
  <datafield tag="010" ind1=" " ind2=" ">
    <subfield code="a">no2006086013</subfield>
  </datafield>
  <datafield tag="035" ind1=" " ind2=" ">
    <subfield code="a">(OCoLC)oca07025207</subfield>
  </datafield>
  <datafield tag="040" ind1=" " ind2=" ">
    <subfield code="a">NjP</subfield>
    <subfield code="b">eng</subfield>
    <subfield code="e">rda</subfield>
    <subfield code="c">NjP</subfield>
    <subfield code="d">DLC</subfield>
  </datafield>
  <datafield tag="046" ind1=" " ind2=" ">
    <subfield code="s">12</subfield>
  </datafield>
  <datafield tag="100" ind1="0" ind2=" ">
    <subfield code="a">Rūḥ ʻAṭṭār Shīrāzī,</subfield>
    <subfield code="d">active 13th century</subfield>
  </datafield>
  <datafield tag="400" ind1="1" ind2=" ">
    <subfield code="a">ʻAṭṭār Shīrāzī,  Rūḥ,</subfield>
    <subfield code="d">active 13th century</subfield>
  </datafield>
  <datafield tag="400" ind1="0" ind2=" ">
    <subfield code="a">Rūḥ al-Dīn,</subfield>
    <subfield code="d">active 13th century</subfield>
  </datafield>
  <datafield tag="400" ind1="0" ind2=" ">
    <subfield code="a">Rūḥ Allāh,</subfield>
    <subfield code="d">active 13th century</subfield>
  </datafield>
  <datafield tag="400" ind1="0" ind2=" ">
    <subfield code="w">nnea</subfield>
    <subfield code="a">Rūḥ ʻAṭṭār Shīrāzī,</subfield>
    <subfield code="d">13th cent.</subfield>
  </datafield>
  <datafield tag="400" ind1="0" ind2=" ">
    <subfield code="a">Rūḥ-i ʻAṭṭār,</subfield>
    <subfield code="d">active 13th century</subfield>
  </datafield>
  <datafield tag="400" ind1="0" ind2=" ">
    <subfield code="a">Rūḥī,</subfield>
    <subfield code="d">active 13th century</subfield>
  </datafield>
  <datafield tag="400" ind1="1" ind2=" ">
    <subfield code="a">Shīrāzī, Rūḥ ʻAṭṭār,</subfield>
    <subfield code="d">active 13th century</subfield>
  </datafield>
  <datafield tag="670" ind1=" " ind2=" ">
    <subfield code="a">Dīvān-i ʻAṭṭār Shīrāzī, 1990 :</subfield>
    <subfield code="b">t.p. (Rūḥ-i ʻAṭṭār) introd. (lived 8 cent. H.Q.; some have called him Rūḥ Allāh or Rūh al-Dīn;  in his poem "Rūḥ" he names himself Rūḥ-i ʻAṭṭār and Rūḥī)</subfield>
  </datafield>
  <datafield tag="670" ind1=" " ind2=" ">
    <subfield code="a">Fihrist-i mustanad-i asāmī-i mashāhīr va muʼallif̄n, 2003</subfield>
    <subfield code="b">(Rūḥ ʻAṭṭār Shīrāzī, qarn-i 7)</subfield>
  </datafield>
</record>